<record xmlns="http://www.loc.gov/MARC21/slim" xmlns:xsi="http://www.w3.org/2001/XMLSchema-instance" xsi:schemaLocation="http://www.loc.gov/MARC21/slim http://www.loc.gov/standards/marcxml/schema/MARC21slim.xsd">

  <leader>00576nam a22001697a 4500</leader>
  <controlfield tag="008">160831b2014    a  a|||| |||| 00| | spa d</controlfield>
  <datafield tag="020" ind1=" " ind2=" ">
    <subfield code="a">9789873690075</subfield>
  </datafield>
  <datafield ind2=" " tag="090" ind1=" ">
    <subfield code="a">14.02.03</subfield>
    <subfield code="b">2374</subfield>
  </datafield>
  <datafield ind2=" " ind1="2" tag="110">
    <subfield code="9">1953</subfield>
    <subfield code="a">Consejo de la Magistratura de la Ciudad de Buenos Aires</subfield>
  </datafield>
  <datafield ind1="1" tag="245" ind2="0">
    <subfield code="a">Género, esclavitud y tortura: a 200 años de la Asamblea del año XIII</subfield>
  </datafield>
  <datafield ind2=" " ind1=" " tag="260">
    <subfield code="a">Buenos Aires, Argentina :</subfield>
    <subfield code="b">Editorial  Jusbaires,</subfield>
    <subfield code="c">2014</subfield>
  </datafield>
  <datafield ind2=" " ind1=" " tag="300">
    <subfield code="a">111 páginas;</subfield>
    <subfield code="b">ilustraciones</subfield>
  </datafield>
  <datafield ind2="4" tag="650" ind1="1">
    <subfield code="9">55</subfield>
    <subfield code="a">MUJERES</subfield>
  </datafield>
  <datafield ind1="1" tag="650" ind2="4">
    <subfield code="9">69</subfield>
    <subfield code="a">GÉNERO</subfield>
  </datafield>
  <datafield ind2="4" tag="650" ind1="1">
    <subfield code="9">1952</subfield>
    <subfield code="a">ESTUDIOS SOBRE LAS MUJERES</subfield>
  </datafield>
  <datafield ind2=" " tag="942" ind1=" ">
    <subfield code="2">z</subfield>
    <subfield code="c">01</subfield>
  </datafield>
  <datafield ind1=" " tag="999" ind2=" ">
    <subfield code="c">3312</subfield>
    <subfield code="d">3312</subfield>
  </datafield>
</record>